<?xml version="1.0" encoding="UTF-8"?><collection xmlns="http://www.loc.gov/MARC21/slim"><record><leader>00397nam--2200145-i-4500</leader><controlfield tag="001">000010111</controlfield><controlfield tag="002">20161230</controlfield><controlfield tag="005">20161230201028</controlfield><controlfield tag="008">060222s1000------------r-----000-0-eng-d</controlfield><datafield ind1=" " ind2=" " tag="080"><subfield code="a">541.127</subfield></datafield><datafield ind1=" " ind2=" " tag="100"><subfield code="a">Cooper , A.R. And Jeffreys, G.V</subfield></datafield><datafield ind1=" " ind2=" " tag="245"><subfield code="a">Chemical kinetics and reactor design</subfield></datafield><datafield ind1=" " ind2=" " tag="260"><subfield code="a">Edinburgh, Oliver &amp;  Boyd, 1971 X + 390 P</subfield></datafield><datafield ind1=" " ind2=" " tag="490"><subfield code="a">Chemical Engineering Texts</subfield></datafield><datafield ind1=" " ind2=" " tag="852"><subfield code="a">36573</subfield></datafield></record></collection>